@book{stamp2007applied,
  title={Applied cryptanalysis: breaking ciphers in the real world},
  author={Stamp, Mark and Low, Richard M},
  year={2007},
  publisher={John Wiley \& Sons},
  keywords = {cryptography}
}
@inproceedings{garg2018trapdoor,
  title={Trapdoor functions from the computational Diffie-Hellman assumption},
  author={Garg, Sanjam and Hajiabadi, Mohammad},
  booktitle={Annual International Cryptology Conference},
  pages={362--391},
  year={2018},
  organization={Springer}
}
@misc{colorimage,
  title = {{Diffie-hellman} Graphical representation},
  howpublished = {\url{https://upload.wikimedia.org/wikipedia/commons/thumb/4/46/Diffie-Hellman_Key_Exchange.svg/375px-Diffie-Hellman_Key_Exchange.svg.png}},
  note = {graphical image 17/04/2022}
}
@misc{Diffie,
  title = {Diffie and Hellman },
  howpublished = {\url{https://www.zdnet.de/88261858/kryptographie-pioniere-diffie-und-hellman-mit-turing-award-ausgezeichnet/}},
  note = {Diffie-Hellman received 2015 Turing award 25/04/2022},
  author = {Bj√∂rn Greif},
  publisher = {Zdnet}
}
@article{anshel1999algebraic,
  title={An algebraic method for public-key cryptography},
  author={Anshel, Iris and Anshel, Michael and Goldfeld, Dorian},
  journal={Mathematical Research Letters},
  volume={6},
  number={3},
  pages={287--291},
  year={1999},
  publisher={International Press of Boston}
}
@Inbook{Stiglic2005,
author="Stiglic, Anton",
editor="van Tilborg, Henk C. A.",
title="Safe Prime",
bookTitle="Encyclopedia of Cryptography and Security",
year="2005",
publisher="Springer US",
address="Boston, MA",
isbn="978-0-387-23483-0",
doi="10.1007/0-387-23483-7_367",
url="https://doi.org/10.1007/0-387-23483-7_367"
}

@misc{trapdoor,
  title = { trapdoor one way function },
  howpublished = {\url{https://i.ytimg.com/vi/GE3dsA5S7M8/maxresdefault.jpg}},
  note = {[online] graphical image 17/04/2022},
  publisher={[Online]},
  author= {Udacity}
}
